@techreport{zhang2010named,
  title={Named Data Networking},
  author={Zhang, Lixia and Afanasyev, Alexander and Burke, Jeffrey and Jacobson, Van and claffy, kc and Crowley, Patrick and Papadopoulos, Christos and Wang, Lan and Zhang, Beichuan},
  howpublished={[EB/OL]},
  note ={\url{http://named-data.net/publications/techreports/tr-ndn-0019-ndn/}},
  year={2014}
}

@misc{ccnr,
  title={CCNx Repository Protocols},
  howpublished={[EB/OL]},
  note={\url{http://www.ccnx.org/releases/latest/doc/technical/RepoProtocol.html}}
}

@misc{ccnd,
  title={ccnd},
  howpublished={\url{http://www.ccnx.org/releases/latest/doc/manpages/ccnd.1.html}}
}

@techreport{ndn-key,
  title={Deploying Key Management on NDN Testbed},
  author={Bian, Chaoyi and Zhu, Zhenkai and Afanasyev, Alexander and Uzun, Ersin and Zhang, Lixia},
  howpublished={[EB/OL]},
  note={\url{http://named-data.net/publications/techreports/trpublishkey-rev2/}},
  year={2013}
}

@misc{ndn-packet,
  title={NDN Packet Format Specification},
  howpublished={\url{http://named-data.net/doc/ndn-tlv/}},
  year={2014}
}

@misc{selector,
  title={NDN Interest Selectors},
  howpublished={\url{http://named-data.net/doc/ndn-tlv/interest.html#selectors}},
  year={2014}
}

@misc{validconf,
  title={Validator Configuration File Format},
  author={Yu, Yingdi},
  howpublished={\url{http://redmine.named-data.net/projects/ndn-cxx/wiki/CommandValidatorConf}},
  year={2014}
}

@misc{signed-interest,
  title={Signed Interest},
  howpublished={\url{http://redmine.named-data.net/projects/ndn-cxx/wiki/SignedInterest}},
  year={2014}
}

@inproceedings{zhu2013let,
  title={Let's ChronoSync: Decentralized dataset state synchronization in Named Data Networking.},
  author={Zhu, Zhenkai and Afanasyev, Alexander},
  booktitle={ICNP},
  pages={1--10},
  year={2013}
}

@article{pugh1990skip,
  title={Skip lists: a probabilistic alternative to balanced trees},
  author={Pugh, William},
  journal={Communications of the ACM},
  volume={33},
  number={6},
  pages={668--676},
  year={1990},
  publisher={ACM}
}

@misc{ndn-cxx,
  title={ndn-cxx: NDN C++ library with eXperimental eXtensions},
  howpublished={\url{http://redmine.named-data.net/projects/ndn-cxx/wiki}},
  year={2014}
}

@misc{NFD,
  title={NFD: New Named Data Networking forwarding Daemon},
  howpublished={\url{http://redmine.named-data.net/projects/nfd/wiki}},
  year={2014}
}
